%% report.bib - contains BiBtex input for bibliography
@article{OMTF-Wilga2014,
      author         = "Zabo≈Çotny, Wojciech M. and others",
      title          = "{FPGA Implementation of Overlap MTF Trigger -- preliminary
                        study}",
      booktitle      = "{Proceedings, Photonics Applications in Astronomy,
                        Communications, Industry, and High-Energy Physics
                        Experiments 2014}",
      journal        = "Proc. SPIE Int. Soc. Opt. Eng.",
      volume         = "9290",
      year           = "2014",
      pages          = "929025",
      doi            = "10.1117/12.2073380",
      SLACcitation   = "%%CITATION = PSISD,9290,929025;%%"
}

@article{CMS-JINST,
      author         = "Chatrchyan, S. and others",
      title          = "{The CMS experiment at the CERN LHC}",
      collaboration  = "CMS",
      journal        = "JINST",
      volume         = "3",
      year           = "2008",
      pages          = "S08004",
      doi            = "10.1088/1748-0221/3/08/S08004",
      SLACcitation   = "%%CITATION = JINST,3,S08004;%%"
}
